@misc{website:HTC_Vive,
  title = {{HTC Vive}},
  howpublished = {\url{https://www.vive.com/}},
  note = {Accessed: 30. November 2016}
}
@misc{website:Valve,
  title = {{Valve Software}},
  howpublished = {\url{http://www.valvesoftware.com/}},
  note = {Accessed: 30. November 2016}
}
@misc{website:mobileworldcongress,
  title = {{Mobile World Congress}},
  howpublished = {\url{https://www.mobileworldcongress.com/}},
  note = {Accessed: 30. November 2016}
}
@misc{website:ovrvision,
  title = {{Ovrvision Pro}},
  howpublished = {\url{http://ovrvision.com/}},
  note = {Accessed: 30. November 2016}
}
@misc{website:uEye,
  title = {{Ovrvision Pro}},
  howpublished = {\url{http://ovrvision.com/}},
  note = {Accessed: 30. November 2016}
}
@misc{website:LeapMotion,
  title = {{Leap Motion}},
  howpublished = {\url{https://www.leapmotion.com/}},
  note = {Accessed: 30. November 2016}
}


http://www.1stvision.com/cameras/IDS/UI-164xLE.html



https://de.ids-imaging.com/store/produkte/kameras/usb-2-0-kameras/ueye-le.html


